@misc{kth_1,
  author = {Royal Institute of Technology},
  title = {Network programming in Java},
  howpublished = "\url{https://www.kth.se/social/course/ID2212/}",
  year = {2015}, 
  note = "[Online; accessed 7-Dec-2015]"
}

